% This file was created with JabRef 2.3.1.
% Encoding: Cp1252
@misc{playstore,
	author	= "Business Insider",
	title 	= "Anzahl der verf√ºgbaren Apps im Google Play Store von Dezember 2009 bis Februar 2015 (in 1.000)",
	howpublished	= "Statista",
	note	= "\url{http://de.statista.com/statistik/daten/studie/74368/umfrage/anzahl-der-verfuegbaren-apps-im-google-play-store/}, [Stand 24.03.2016]"
}

@masterthesis{master,
	author	= "Chrisitan Fritz",
	title	= "FlowDroid: A Precise and Scalable Data Flow Analysis for Android",
	year	= "2013",
	month	= "Juli",
	school 	= "TU Darmstadt",
	note 	= "\url{https://ec-spride.sit.fraunhofer.de/fileadmin/user\_upload/Group\_EC\_Spride/FinishedTheses/Masterthesis20130702.pdf}"
}

@article {fd_art,
	author	= "Steven Arzt and Christian Fritz and Eric Bodden and Alexandre Bartel and Jacques Klein and Yvesle Traon and Damien Octeau and Patrick McDaniel and Siegfried Rasthofer",
	title	= "FlowDroid: Precise Context, Flow, Field, Object-sensitive and Lifecycle-aware Taint Analysis for Android Apps",
	journal = "PLDI 2014", 
	note	= "\url{http://www.bodden.de/pubs/far+14flowdroid.pdf}"
}

@article {technical,
	author	= "Christian Fritz and Steven Arzt and Siegfried Rasthofer and Eric Bodden and Alexandre Bartel and Jacques Klein and Yves
le Traon and Damien Octeau and Patrick McDaniel",
	title	= "Highly Precise Taint Analysis for Android Applications",
	year 	= "2013",
	month 	= "Mai",
	journal	= "EC SPRIDE Technical Report TUD-CS-2013-0113",
	note	= "\url{https://www.informatik.tu-darmstadt.de/fileadmin/user\_upload/Group\_CASED/Publikationen/TUD-CS-2013-0113.pdf}"
}

@article {apposcopy,
	author	= "Yu Feng and Saswat Anand and Alex Aiken and Isil Dillig",
	title 	= "Apposcopy: Semantics-Based Detection of Android Malware through Static Analysis",
	journal	= "FSE 2014 Proceedings of the 22nd ACM SIGSOFT International Symposium on Foundations of Software Engineering",
	pages = "576 - 587"
}

@article {sanitization,
	author 	= "Davide Balzarotti and Marco Cova and Vika Felmetsger and Nenad Jovanovic and Engin Kirda and Christopher Kruegel and Giovanni Vigna",
	title 	= "Saner: Composing Static and Dynamic Analysis to Validate Sanitization in Web Applications",
	journal	= "2008 IEEE Symposium on Security and Privacy",
	pages 	= "387 - 401"
}

@article {susi,
	author	= "Siegfried Rasthofer and Steven Arzt and Eric Bodden",
	title 	= "A Machine-learning Approach for Classifying and Categorizing Android Sources and Sinks",
	publisher	= "NDSS 2014",
	note 	= "\url{https://www.informatik.tu-darmstadt.de/fileadmin/user\_upload/Group\_EC-Spride/Publikationen/SuSi2014.pdf}"
}

